@online{Tortorelli2015_DataReduction,
    title = "A Brief Guide to Data Reduction",
    year = "2018",
    author = {Luca Tortorelli},
    url = "https://ethz.ch/content/dam/ethz/special-interest/phys/particle-physics/quanz-group-dam/documents-old-s-and-p/Courses/vp-asl-astro/tortorelli_data_reduction_steps.pdf",
    % urldate = "2022-07-11"
}

@book{Choudhuri,
     place={Cambridge},
     title={Astrophysics for Physicists},
     DOI={10.1017/CBO9780511802218},
     publisher={Cambridge University Press},
     author={Choudhuri, Arnab Rai},
     year={2010},
}

@book{carroll2017introduction,
  title={An Introduction to Modern Astrophysics},
  author={Carroll, B.W. and Ostlie, D.A.},
  isbn={9781108422161},
  year={2017},
  publisher={Cambridge University Press}
}
